<record xmlns="http://www.loc.gov/MARC21/slim" xmlns:xsi="http://www.w3.org/2001/XMLSchema-instance" xsi:schemaLocation="http://www.loc.gov/MARC21/slim http://www.loc.gov/standards/marcxml/schema/MARC21slim.xsd"><leader>01980nam a2200397   4500</leader><controlfield tag="001">7301252</controlfield><controlfield tag="003">NIC</controlfield><controlfield tag="006">m        d        </controlfield><controlfield tag="007">cr cn |||m|||a</controlfield><controlfield tag="008">150113s1954    ua      o     000 1 ara d</controlfield><datafield ind1=" " ind2=" " tag="040"><subfield code="a">NNU</subfield><subfield code="b">eng</subfield><subfield code="e">rda</subfield><subfield code="c">NNU</subfield></datafield><datafield ind1="1" ind2=" " tag="041"><subfield code="a">ara</subfield><subfield code="h">eng</subfield></datafield><datafield ind1=" " ind2="4" tag="050"><subfield code="a">PS3531.O752</subfield><subfield code="b">P312 1954</subfield></datafield><datafield ind1="1" ind2=" " tag="100"><subfield code="a">Porter, Katherine Anne,</subfield><subfield code="d">1890-1980.</subfield></datafield><datafield ind1="1" ind2="0" tag="240"><subfield code="a">Pale horse, pale rider.</subfield><subfield code="l">Arabic</subfield></datafield><datafield ind1="1" ind2="0" tag="245"><subfield code="6">880-01</subfield><subfield code="a">Fawq jawa&#772;d aghbar /</subfield><subfield code="c">Ka&#772;tra&#772;yin A&#772;n Bu&#772;rtar ; naqlataha ila&#769; al-&#699;Arabiyyah, Sayyidah S&#803;u&#772;fi&#772; &#699;Abd Alla&#772;h.</subfield></datafield><datafield ind1=" " ind2=" " tag="260"><subfield code="6">880-02</subfield><subfield code="a">al-Qa&#772;hirah ;</subfield><subfield code="a">Niyu&#772; York :</subfield><subfield code="b">Mu&#700;assasah Fra&#772;nkli&#772;n lil-t&#803;aba&#772;&#699;at wa-al-Nashr,</subfield><subfield code="c">[1954?]</subfield></datafield><datafield ind1=" " ind2=" " tag="300"><subfield code="a">online resource (189 pages)</subfield></datafield><datafield ind1=" " ind2=" " tag="336"><subfield code="a">text</subfield><subfield code="2">rdacontent</subfield></datafield><datafield ind1=" " ind2=" " tag="337"><subfield code="a">computer</subfield><subfield code="2">rdamedia</subfield></datafield><datafield ind1=" " ind2=" " tag="338"><subfield code="a">online resource</subfield><subfield code="2">rdacarrier</subfield></datafield><datafield ind1="1" ind2=" " tag="490"><subfield code="6">880-03</subfield><subfield code="a">Quis&#803;s&#803;at al-yawm ;</subfield><subfield code="v">quru&#772;sh 8</subfield></datafield><datafield ind1=" " ind2=" " tag="500"><subfield code="a">Part of the Arabic Collections Online (ACO) project, contributed by Cornell University Libraries.</subfield></datafield><datafield ind1="0" ind2=" " tag="505"><subfield code="a">Fawq jawa&#772;d aghbar -- Abna&#772;&#700; al-fana&#772;&#700; -- Khamrat al-z&#803;ahi&#772;rah.</subfield></datafield><datafield ind1=" " ind2=" " tag="533"><subfield code="a">Electronic reproduction.</subfield><subfield code="b">New York, N.Y. :</subfield><subfield code="c">New York University,</subfield><subfield code="d">2015.</subfield><subfield code="5">NNU</subfield></datafield><datafield ind1="2" ind2=" " tag="710"><subfield code="a">Cornell University.</subfield><subfield code="b">Libraries.</subfield></datafield><datafield ind1="0" ind2=" " tag="730"><subfield code="a">Arabic Collections Online.</subfield></datafield><datafield ind1="0" ind2="8" tag="776"><subfield code="i">Print version:</subfield><subfield code="a">Porter, Katherine Anne, 1890-1980.</subfield><subfield code="t">Fawq jawa&#772;d aghbar</subfield><subfield code="w">(NIC)7301252</subfield><subfield code="w">(OCoLC)25306413</subfield></datafield><datafield ind1=" " ind2="0" tag="830"><subfield code="6">880-04</subfield><subfield code="a">Quis&#803;s&#803;at al-yawm ;</subfield><subfield code="v">quru&#772;sh 8.</subfield></datafield><datafield ind1="4" ind2="0" tag="856"><subfield code="u">http://hdl.handle.net/2333.1/tmpg4hdr</subfield></datafield><datafield ind1="1" ind2="0" tag="880"><subfield code="6">245-01/r</subfield><subfield code="a">&#1601;&#1608;&#1602; &#1580;&#1608;&#1575;&#1583; &#1575;&#1594;&#1576;&#1585; /</subfield><subfield code="c">&#1603;&#1575;&#1578;&#1585;&#1575;&#1610;&#1606; &#1570;&#1606; &#1576;&#1608;&#1585;&#1578;&#1585; &#1563; &#1606;&#1602;&#1604;&#1578;&#1607; &#1575;&#1604;&#1609; &#1575;&#1604;&#1593;&#1585;&#1576;&#1610;&#1577;&#1548; &#1587;&#1610;&#1583;&#1577; &#1589;&#1608;&#1601;&#1610; &#1593;&#1576;&#1583; &#1575;&#1604;&#1604;&#1607;.</subfield></datafield><datafield ind1=" " ind2=" " tag="880"><subfield code="6">260-02/r</subfield><subfield code="a">&#1575;&#1604;&#1602;&#1575;&#1607;&#1585;&#1577; &#1563;</subfield><subfield code="a">&#1606;&#1610;&#1608; &#1610;&#1608;&#1585;&#1603; :</subfield><subfield code="b">&#1605;&#1572;&#1587;&#1587;&#1577; &#1601;&#1585;&#1575;&#1606;&#1603;&#1604;&#1610;&#1606; &#1604;&#1604;&#1591;&#1576;&#1575;&#1593;&#1577; &#1608;&#1575;&#1604;&#1606;&#1588;&#1585;&#1548;</subfield><subfield code="c">[1954&#1567;]</subfield></datafield><datafield ind1="1" ind2=" " tag="880"><subfield code="6">490-03/r</subfield><subfield code="a">&#1602;&#1589;&#1577; &#1575;&#1604;&#1610;&#1608;&#1605; &#1563;</subfield><subfield code="v">&#1602;&#1585;&#1608;&#1588; 8</subfield></datafield><datafield ind1=" " ind2="0" tag="880"><subfield code="6">830-04/r</subfield><subfield code="a">&#1602;&#1589;&#1577; &#1575;&#1604;&#1610;&#1608;&#1605; &#1563;</subfield><subfield code="v">&#1602;&#1585;&#1608;&#1588; 8.</subfield></datafield><datafield ind1=" " ind2=" " tag="959"><subfield code="a">NNU</subfield><subfield code="b">WEB</subfield><subfield code="c">GENI</subfield><subfield code="t">0</subfield><subfield code="m">Electronic access</subfield><subfield code="s">01</subfield></datafield><datafield ind1=" " ind2=" " tag="999"><subfield code="i">NIC_7301252</subfield><subfield code="o">(OCoLC)ocm25306413</subfield></datafield></record>